@article{Amestoy2004algorithm,
  title={Algorithm 837: {AMD}, an approximate minimum degree ordering algorithm},
  author={Amestoy, P.R. and Davis, T.A. and Duff, I.S.},
  journal={ACM Transactions on Mathematical Software (TOMS)},
  volume={30},
  number={3},
  pages={381--388},
  year={2004},
  publisher={ACM},
comment={\\\\ AMD algorithm}
}

@incollection{Courcelle1990Rewriting,
  author    = {B. Courcelle},
  title     = {Graph Rewriting: An Algebraic and Logic Approach},
  booktitle = {Handbook of Theoretical Computer Science, Volume B: Formal Models and Semantics (B)},
  year      = {1990},
  pages     = {193-242},
  bibsource = {DBLP, http://dblp.uni-trier.de}
}



@article{Gavril1974intersection,
  title={The intersection graphs of subtrees in trees are exactly the chordal graphs},
  author={Gavril, F.},
  journal={Journal of Combinatorial Theory, Series B},
  volume={16},
  number={1},
  pages={47--56},
  year={1974},
  publisher={Elsevier}
}

@article{Gavril1974,
  author = {Gavril, F.},
  title = {The Intersection Graphs of Subtrees in Trees Are Exactly the Chordal Graphs},
  journal = {Journal of Combinatorial Theory, Series B},
  year = "1974",
  volume = "16",
  issue = "1",
  pages = "47--56",
  comment = {\\\\Original article proving that triangulations (chordal graphs) are intersection graphs of subtrees of a tree. Gives an algorithm for forming the tree and subtrees (which directly gives a tree decomposition with bags equal to the vertex sets of the subtrees, though this is not mentioned here). Care in reading is advised as modern terminology is not always used ("clique" means "maximal clique" for example, and gamma is used for neighbor sets).}
}

@article{HendricksonEO,
 author = {Hendrickson, B. and Rothberg, E.},
 title = {Improving the Run Time and Quality of Nested Dissection Ordering},
 journal = {SIAM J. Sci. Comput.},
 issue_date = {March 1998},
 volume = {20},
 number = {2},
 month = {dec},
 year = {1998},
 pages = {468--489},
} 

@article{huffner,
author="Huffner, F. and Niedermeier, R.  and Wernicke, S.",
title="Developing Fixed-Parameter Algorithms to Solve Combinatorially Explosive Biological Problems",
journal="Methods in Molecular Biology",
year="2008",
month="May",
volume="453",
url="http://www.springerprotocols.com/Abstract/doi/10.1007/978-1-60327-429-6_21"
}

@misc{inddgo,
key = "inddgo",
title= "Integrated Network Decompositions and Dynamic programming for Graph Optimization ({INDDGO})",
howpublished={\url{http://www.github.org/bdsullivan/INDDGO}}
}

@misc{jaguar, 
key = "jaguar",
howpublished={\url{http://www.olcf.ornl.gov/computing-resources/jaguar/}}
}

@article{Karypis1997parmetis,
  title={{PARMETIS}: Parallel graph partitioning and sparse matrix ordering library},
  author={Karypis, G. and Schloegel, K. and Kumar, V.},
  journal={Version 1.0, Dept. of Computer Science, University of Minnesota},
  year={1997}
}

@inproceedings{Karypis1996parallel,
  title={Parallel multilevel graph partitioning},
  author={Karypis, G. and Kumar, V.},
  booktitle={Parallel Processing Symposium, 1996., Proceedings of IPPS'96, The 10th International},
  pages={314--319},
  year={1996},
  organization={IEEE}
}

@inproceedings{Karypis1996parallel_k,
  title={Parallel multilevel k-way partitioning scheme for irregular graphs},
  author={Karypis, G. and Kumar, V.},
  booktitle={Supercomputing, 1996. Proceedings of the 1996 ACM/IEEE Conference on},
  pages={35--35},
  year={1996},
  organization={IEEE}
}


@inproceedings{cliquecover, 
author = {E. Kim and A. Vetta and M. Blanchette}, 
title = {Clique Cover On Sparse Networks}, 
booktitle = {SIAM: Algorithm Engineering \& Experiments (ALENEX)}, 
year = {2012}
}

@article{RobertsonSeymour1984,
  author    = {N. Robertson and P. D. Seymour},
  title     = {Graph minors {III}:  Planar tree-width},
  journal   = {Journal of  Combinatorial Theory, Ser. B},
  volume    = {36},
  number    = {1},
  year      = {1984},
  pages     = {49-64},
  ee        = {http://dx.doi.org/10.1016/0095-8956(84)90013-3},
  bibsource = {DBLP, http://dblp.uni-trier.de}
}

@article{serialTM,
  author = "C.~Groer and B.~D.~Sullivan and D.~Weerapurage",
  title = "INDDGO: Integrated Network Decompositions \& Dynamic programming for Graph Optimization",
  year={2012},
  journal={ORNL/TM-2012/176},
  publisher={Oak Ridge National Laboratory}
  }

@inproceedings{Thorntonintroducing,
  title={Introducing the MADNESS numerical framework for petascale computing},
  author={Thornton, W.S. and Vence, N. and Harrison, R.},
  booktitle={CUG, 2009. Proceedings of the Cray User Group Conference},
  year = {2009}
}

@inproceedings{Leeuwen1990, 
author="J.~van Leeuwen", 
title="Graph Algorithms",
booktitle="Handbook of Theoretical Computer Science, A: Algorithms and Complexity Theory", 
publisher="North Holland", 
year="1990"
}

@book{wilfcomplexity,
  author    = {Herb Wilf},
  title     = {Algorithms and complexity},
  publisher = {A.K. Peters},
  year      = {2002}
}

@misc{DIMACs, 
key = "DIMACS",
author={Neil Sloane},
title={Challenge Problems: Independent Sets in Graphs},
howpublished={\url{http://neilsloane.com/doc/graphs.html}}
}

